<?xml version = "1.0" encoding = "UTF-8"?><record>
  <leader>01169nam#a2200325#ca4500</leader>
  <controlfield tag="005">20210110085829.0</controlfield>
  <controlfield tag="007">tu</controlfield>
  <controlfield tag="008">050531m20059999gw############|||#|#ger#c</controlfield>
  <controlfield tag="001">990135991740206441</controlfield>
  <datafield tag="016" ind1="7" ind2=" ">
    <subfield code="a">1071525356</subfield>
    <subfield code="2">OCoLC</subfield>
  </datafield>
  <datafield tag="035" ind1=" " ind2=" ">
    <subfield code="a">(DE-605)HT014382984</subfield>
  </datafield>
  <datafield tag="035" ind1=" " ind2=" ">
    <subfield code="a">(OCoLC)1071525356</subfield>
    <subfield code="0">(uri) http://www.worldcat.org/oclc/1071525356</subfield>
  </datafield>
  <datafield tag="040" ind1=" " ind2=" ">
    <subfield code="a">290</subfield>
    <subfield code="b">ger</subfield>
    <subfield code="d">386</subfield>
    <subfield code="e">rakwb</subfield>
  </datafield>
  <datafield tag="041" ind1=" " ind2=" ">
    <subfield code="a">ger</subfield>
  </datafield>
  <datafield tag="044" ind1=" " ind2=" ">
    <subfield code="c">XA-DE</subfield>
  </datafield>
  <datafield tag="090" ind1=" " ind2=" ">
    <subfield code="f">b</subfield>
  </datafield>
  <datafield tag="100" ind1="1" ind2=" ">
    <subfield code="a">Duma, Andrei</subfield>
    <subfield code="d">1944-</subfield>
    <subfield code="0">(DE-588)108213935</subfield>
    <subfield code="4">aut</subfield>
    <subfield code="0">(uri) https://portal.dnb.de/opac.htm?method=simpleSearch&amp;cqlMode=true&amp;query=idn=108213935</subfield>
    <subfield code="0">(uri) http://viaf.org/viaf/sourceID/DNB|108213935</subfield>
    <subfield code="B">GND-108213935</subfield>
  </datafield>
  <datafield tag="245" ind1="1" ind2="0">
    <subfield code="a">Konforme Abbildungen und schlichte Funktionen f&#252;r Anwendungen in der Str&#246;mungsmechanik</subfield>
    <subfield code="c">Autoren: A. Duma ; E. Draghici</subfield>
  </datafield>
  <datafield tag="264" ind1=" " ind2="1">
    <subfield code="a">Hagen</subfield>
    <subfield code="b">Fernuniv., Fachbereich Mathematik</subfield>
    <subfield code="c">2005-</subfield>
  </datafield>
  <datafield tag="385" ind1=" " ind2=" ">
    <subfield code="a">Lehrer</subfield>
    <subfield code="0">(DE-588)4035088-5</subfield>
  </datafield>
  <datafield tag="490" ind1="1" ind2=" ">
    <subfield code="a">[Kurs] / Fernuniversit&#228;t in Hagen</subfield>
    <subfield code="v">1343</subfield>
  </datafield>
  <datafield tag="655" ind1=" " ind2="7">
    <subfield code="a">Lehrmittel</subfield>
    <subfield code="0">(DE-588)4074111-4</subfield>
    <subfield code="2">gnd-content</subfield>
  </datafield>
  <datafield tag="689" ind1="0" ind2="0">
    <subfield code="a">Konforme Abbildung</subfield>
    <subfield code="D">s</subfield>
    <subfield code="0">(DE-588)4164968-0</subfield>
    <subfield code="0">(uri) https://portal.dnb.de/opac.htm?method=simpleSearch&amp;cqlMode=true&amp;query=idn=041649680</subfield>
    <subfield code="0">(uri) http://viaf.org/viaf/sourceID/DNB|041649680</subfield>
    <subfield code="B">GND-041649680</subfield>
  </datafield>
  <datafield tag="689" ind1="0" ind2="1">
    <subfield code="a">Schlichte Funktion</subfield>
    <subfield code="D">s</subfield>
    <subfield code="0">(DE-588)4131418-9</subfield>
    <subfield code="0">(uri) https://portal.dnb.de/opac.htm?method=simpleSearch&amp;cqlMode=true&amp;query=idn=041314182</subfield>
    <subfield code="0">(uri) http://viaf.org/viaf/sourceID/DNB|041314182</subfield>
    <subfield code="B">GND-041314182</subfield>
  </datafield>
  <datafield tag="689" ind1="0" ind2="2">
    <subfield code="a">Str&#246;mungsmechanik</subfield>
    <subfield code="D">s</subfield>
    <subfield code="0">(DE-588)4077970-1</subfield>
    <subfield code="0">(uri) https://portal.dnb.de/opac.htm?method=simpleSearch&amp;cqlMode=true&amp;query=idn=04077970X</subfield>
    <subfield code="0">(uri) http://viaf.org/viaf/sourceID/DNB|04077970X</subfield>
    <subfield code="B">GND-04077970X</subfield>
  </datafield>
  <datafield tag="700" ind1="1" ind2=" ">
    <subfield code="a">Draghici, E.</subfield>
    <subfield code="4">aut</subfield>
  </datafield>
  <datafield tag="830" ind1=" " ind2="0">
    <subfield code="a">[Kurs] / Fernuniversit&#228;t in Hagen</subfield>
    <subfield code="w">(DE-605)HT001237044</subfield>
    <subfield code="v">1343</subfield>
    <subfield code="9">O:1</subfield>
  </datafield>
  <datafield tag="964" ind1="0" ind2="s">
    <subfield code="F">030</subfield>
    <subfield code="A">a|1uc||||||17</subfield>
  </datafield>
  <datafield tag="964" ind1="0" ind2="s">
    <subfield code="F">050</subfield>
    <subfield code="A">a|||||||||||||</subfield>
  </datafield>
  <datafield tag="964" ind1="0" ind2="s">
    <subfield code="F">051</subfield>
    <subfield code="A">t|||||||</subfield>
  </datafield>
  <datafield tag="MBD" ind1=" " ind2=" ">
    <subfield code="M">49HBZ_NETWORK</subfield>
    <subfield code="i">990135991740206441</subfield>
    <subfield code="n">HBZ Network</subfield>
  </datafield>
  <datafield tag="MBD" ind1=" " ind2=" ">
    <subfield code="M">49HBZ_UBD</subfield>
    <subfield code="i">991010755819706445</subfield>
    <subfield code="n">Technische Universitaet Dortmund</subfield>
  </datafield>
  <datafield tag="830" ind1=" " ind2="0">
    <subfield code="a">[Kurs] / Fernuniversit&#228;t in Hagen</subfield>
    <subfield code="w">(DE-605)HT001237044</subfield>
    <subfield code="v">1343</subfield>
    <subfield code="9">O:1</subfield>
    <subfield code="M">49HBZ_UBD</subfield>
  </datafield>
  <datafield tag="980" ind1="1" ind2=" ">
    <subfield code="e">HBZ</subfield>
    <subfield code="9">LOCAL</subfield>
    <subfield code="M">49HBZ_UBD</subfield>
  </datafield>
  <datafield tag="981" ind1=" " ind2=" ">
    <subfield code="a">(DE-290)1111248</subfield>
    <subfield code="9">LOCAL</subfield>
    <subfield code="M">49HBZ_UBD</subfield>
  </datafield>
  <datafield tag="997" ind1=" " ind2=" ">
    <subfield code="a">20050531</subfield>
    <subfield code="9">LOCAL</subfield>
    <subfield code="M">49HBZ_UBD</subfield>
  </datafield>
  <datafield tag="MNG" ind1=" " ind2=" ">
    <subfield code="c">System</subfield>
    <subfield code="f">ILS</subfield>
    <subfield code="i">marc21</subfield>
    <subfield code="k">01</subfield>
    <subfield code="e">false</subfield>
    <subfield code="d">2021-01-10 08:58:29 Europe/Berlin</subfield>
    <subfield code="g">013599174-HBZ01</subfield>
    <subfield code="j">60</subfield>
    <subfield code="a">import</subfield>
    <subfield code="b">2020-11-22 21:03:55 Europe/Berlin</subfield>
  </datafield>
  <datafield tag="GST" ind1=" " ind2=" ">
    <subfield code="a">Fluiddynamik</subfield>
    <subfield code="A">GND</subfield>
    <subfield code="B">GND-04077970X</subfield>
    <subfield code="C">450</subfield>
  </datafield>
  <datafield tag="GST" ind1=" " ind2=" ">
    <subfield code="a">Fluidmechanik</subfield>
    <subfield code="A">GND</subfield>
    <subfield code="B">GND-04077970X</subfield>
    <subfield code="C">450</subfield>
  </datafield>
  <datafield tag="GST" ind1=" " ind2=" ">
    <subfield code="a">Stro&#776;mungslehre</subfield>
    <subfield code="A">GND</subfield>
    <subfield code="B">GND-04077970X</subfield>
    <subfield code="C">450</subfield>
  </datafield>
  <datafield tag="GST" ind1=" " ind2=" ">
    <subfield code="a">Technische Fluidmechanik</subfield>
    <subfield code="A">GND</subfield>
    <subfield code="B">GND-04077970X</subfield>
    <subfield code="C">450</subfield>
  </datafield>
  <datafield tag="GST" ind1=" " ind2=" ">
    <subfield code="a">Technische Stro&#776;mungslehre</subfield>
    <subfield code="A">GND</subfield>
    <subfield code="B">GND-04077970X</subfield>
    <subfield code="C">450</subfield>
  </datafield>
  <datafield tag="GST" ind1=" " ind2=" ">
    <subfield code="a">Technische Stro&#776;mungsmechanik</subfield>
    <subfield code="A">GND</subfield>
    <subfield code="B">GND-04077970X</subfield>
    <subfield code="C">450</subfield>
  </datafield>
  <datafield tag="GST" ind1=" " ind2=" ">
    <subfield code="a">Stro&#776;mungsdynamik</subfield>
    <subfield code="A">GND</subfield>
    <subfield code="B">GND-04077970X</subfield>
    <subfield code="C">450</subfield>
  </datafield>
  <datafield tag="GST" ind1=" " ind2=" ">
    <subfield code="a">Aerohydrodynamik</subfield>
    <subfield code="A">GND</subfield>
    <subfield code="B">GND-04077970X</subfield>
    <subfield code="C">450</subfield>
  </datafield>
  <datafield tag="GSI" ind1="7" ind2=" ">
    <subfield code="a">http://d-nb.info/gnd/4077970-1</subfield>
    <subfield code="2">uri</subfield>
    <subfield code="A">GND</subfield>
    <subfield code="B">GND-04077970X</subfield>
    <subfield code="C">024</subfield>
  </datafield>
  <datafield tag="GST" ind1=" " ind2=" ">
    <subfield code="a">Einbla&#776;ttrige Funktion</subfield>
    <subfield code="A">GND</subfield>
    <subfield code="B">GND-041314182</subfield>
    <subfield code="C">450</subfield>
  </datafield>
  <datafield tag="GST" ind1=" " ind2=" ">
    <subfield code="a">Einwertige Funktion</subfield>
    <subfield code="A">GND</subfield>
    <subfield code="B">GND-041314182</subfield>
    <subfield code="C">450</subfield>
  </datafield>
  <datafield tag="GST" ind1=" " ind2=" ">
    <subfield code="a">Univalente Funktion</subfield>
    <subfield code="A">GND</subfield>
    <subfield code="B">GND-041314182</subfield>
    <subfield code="C">450</subfield>
  </datafield>
  <datafield tag="GSI" ind1="7" ind2=" ">
    <subfield code="a">http://d-nb.info/gnd/4131418-9</subfield>
    <subfield code="2">uri</subfield>
    <subfield code="A">GND</subfield>
    <subfield code="B">GND-041314182</subfield>
    <subfield code="C">024</subfield>
  </datafield>
  <datafield tag="GSI" ind1="7" ind2=" ">
    <subfield code="a">http://d-nb.info/gnd/4164968-0</subfield>
    <subfield code="2">uri</subfield>
    <subfield code="A">GND</subfield>
    <subfield code="B">GND-041649680</subfield>
    <subfield code="C">024</subfield>
  </datafield>
  <datafield tag="GSI" ind1="7" ind2=" ">
    <subfield code="a">http://d-nb.info/gnd/108213935</subfield>
    <subfield code="2">uri</subfield>
    <subfield code="A">GND</subfield>
    <subfield code="B">GND-108213935</subfield>
    <subfield code="C">024</subfield>
  </datafield>
</record>